%%%%%%%%%%%%%%%%%%%%%%%% corpora %%%%%%%%%%%%%%%%%%%%%%%%

@inproceedings{nerkor,
  author    = {Eszter Simon and
               No{\'{e}}mi Vad{\'{a}}sz},
  editor    = {Kamil Ekstein and
               Frantisek P{\'{a}}rtl and
               Miloslav Konop{\'{\i}}k},
  title     = {{Introducing NYTK-NerKor, {A} Gold Standard Hungarian Named Entity
               Annotated Corpus}},
  booktitle = {Text, Speech, and Dialogue - 24th International Conference, {TSD}
               2021, Olomouc, Czech Republic, September 6-9, 2021, Proceedings},
  series    = {Lecture Notes in Computer Science},
  volume    = {12848},
  pages     = {222--234},
  publisher = {Springer},
  year      = {2021},
  doi       = {10.1007/978-3-030-83527-9\_19}
}

@article{nerkoreval,
  title={{Az NYTK-NerKor t{\"o}bb szempont{\'u} ki{\'e}rt{\'e}kel{\'e}se}},
  author={Simon, Eszter and Vad{\'a}sz, No{\'e}mi and L{\'e}vai, D{\'a}niel and Nemeskey D{\'a}vid and Orosz, Gy{\"o}rgy and Sz{\'a}nt{\'o}, Zsolt},
  journal={XVIII. Magyar Sz{\'a}m{\'\i}t{\'o}g{\'e}pes Nyelv{\'e}szeti Konferencia},
  year={2022}
}

@inproceedings{szegedner,
  title     = {A highly accurate {N}amed {E}ntity corpus for {H}ungarian},
  author    = {Szarvas, Gy{\"o}rgy and Farkas, Rich{\'a}rd and Felfoldi, Laszlo and Kocsor, Andr{\'a}s and Csirik, J{\'a}nos},
  booktitle = {Proceedings of the Fifth International Conference on Language Resources and Evaluation (LREC’06)},
  year      = {2006}
}

@article{UD,
  title     = {Hungarian dependency treebank},
  author    = {Vincze, Veronika and Szauter, D{\'o}ra and Alm{\'a}si, Attila and M{\'o}ra, Gy{\"o}rgy and Alexin, Zolt{\'a}n and Csirik, J{\'a}nos},
  year      = {2010},
  publisher = {European Language Resources Association}
}

@article{UniDep,
  title     = {Universal dependencies},
  author    = {De Marneffe, Marie-Catherine and Manning, Christopher D and Nivre, Joakim and Zeman, Daniel},
  journal   = {Computational linguistics},
  volume    = {47},
  number    = {2},
  pages     = {255--308},
  year      = {2021},
  publisher = {MIT Press One Rogers Street, Cambridge, MA 02142-1209, USA journals-info~…}
}

@inproceedings{szc,
  title        = {{The Szeged Corpus: A POS tagged and syntactically annotated Hungarian natural language corpus}},
  author       = {Csendes, D{\'o}ra and Csirik, J{\'a}nos and Gyim{\'o}thy, Tibor},
  booktitle    = {International Conference on Text, Speech and Dialogue},
  pages        = {41--47},
  year         = {2004},
  organization = {Springer}
}

@article{nivre2017universal,
  title  = {{Universal Dependencies 2.1}},
  author = {Nivre, Joakim and Agi{\'c}, {\v{Z}}eljko and Ahrenberg, Lars and Antonsen, Lene and Aranzabe, Maria Jesus and Asahara, Masayuki and Ateyah, Luma and Attia, Mohammed and Atutxa, Aitziber and Augustinus, Liesbeth and others},
  year   = {2017}
}

@inproceedings{vincze-etal-2017-universal,
  title     = {{U}niversal {D}ependencies and Morphology for {H}ungarian - and on the Price of Universality},
  author    = {Vincze, Veronika  and
               Simk{\'o}, Katalin  and
               Sz{\'a}nt{\'o}, Zsolt  and
               Farkas, Rich{\'a}rd},
  booktitle = {Proceedings of the 15th Conference of the {E}uropean Chapter of the Association for Computational Linguistics: Volume 1, Long Papers},
  month     = apr,
  year      = {2017},
  address   = {Valencia, Spain},
  publisher = {Association for Computational Linguistics},
  url       = {https://aclanthology.org/E17-1034},
  pages     = {356--365},
  abstract  = {In this paper, we present how the principles of universal dependencies and morphology have been adapted to Hungarian. We report the most challenging grammatical phenomena and our solutions to those. On the basis of the adapted guidelines, we have converted and manually corrected 1,800 sentences from the Szeged Treebank to universal dependency format. We also introduce experiments on this manually annotated corpus for evaluating automatic conversion and the added value of language-specific, i.e. non-universal, annotations. Our results reveal that converting to universal dependencies is not necessarily trivial, moreover, using language-specific morphological features may have an impact on overall performance.}
}

%%%%%%%%%%%%%%%%%%%%%%%% systems %%%%%%%%%%%%%%%%%%%%%%%%

@article{udify,
  title={75 languages, 1 model: Parsing universal dependencies universally},
  author={Kondratyuk, Dan and Straka, Milan},
  journal={arXiv preprint arXiv:1904.02099},
  year={2019}
}

@inproceedings{peti,
  title={{Hybrid lemmatization in HuSpaCy}},
  author={Berkecz, P{\'e}ter and Orosz, Gy{\"o}rgy and Sz{\'a}nt{\'o}, Zsolt and Szab{\'o}, Gerg{\H{o}} and Farkas, Rich{\'a}rd},
  booktitle={{XIX. Magyar Sz\'{a}m\'{\i}t\'{o}g\'{e}pes Nyelv\'{e}szeti Konferencia}},
  year={2023}
}

@inproceedings{szarvas-ner,
  title        = {{A multilingual named entity recognition system using boosting and C4.5 decision tree learning algorithms}},
  author       = {Szarvas, Gy{\"o}rgy and Farkas, Rich{\'a}rd and Kocsor, Andr{\'a}s},
  booktitle    = {International Conference on Discovery Science},
  pages        = {267--278},
  year         = {2006},
  organization = {Springer}
}

@phdthesis{simon-ner,
  author = {Simon, Eszter},
  title  = {{Approaches to Hungarian Named Entity Recognition}},
  school = {PhD School in Cognitive Sciences, Budapest University of Technology and Economics},
  year   = 2013
}

@inproceedings{orosz2013purepos,
  title={{PurePos 2.0: a hybrid tool for morphological disambiguation}},
  author={Orosz, Gy{\"o}rgy and Nov{\'a}k, Attila},
  booktitle={Proceedings of the International Conference Recent Advances in Natural Language Processing RANLP 2013},
  pages={539--545},
  year={2013}
}

@article{huspacy,
  title   = {{HuSpaCy: an industrial-strength Hungarian natural language processing toolkit}},
  author  = {Orosz, Gy{\"o}rgy and Sz{\'a}nt{\'o}, Zsolt and Berkecz, P{\'e}ter and Szab{\'o}, Gerg{\H{o}} and Farkas, Rich{\'a}rd},
  journal = {arXiv preprint arXiv:2201.01956},
  year    = {2022}
}

@inproceedings{magyarlanc,
  author       = {Zsibrita, János and Vincze, Veronika and Farkas, Richárd},
  booktitle    = {{Proceedings of Recent Advances in Natural Language Provessing 2013}},
  organization = {{Association for Computational Linguistics}},
  address      = {Hissar, Bulgaria},
  pages        = {763--771},
  title        = {{magyarlanc: A Toolkit for Morphological and Dependency Parsing of Hungarian}},
  year         = {2013}
}


@article{Nemeskey:2021a,
  title={{Introducing huBERT}},
  author={Nemeskey,  D{\'a}vid M{\'a}rk},
  journal={XVII. Magyar Sz{\'a}m{\'\i}t{\'o}g{\'e}pes Nyelv{\'e}szeti Konferencia},
  pages={3--14},
  year={2022}
}

@article{devlin2018bert,
  title   = {{Bert: Pre-training of deep bidirectional transformers for language understanding}},
  author  = {Devlin, Jacob and Chang, Ming-Wei and Lee, Kenton and Toutanova, Kristina},
  journal = {arXiv preprint arXiv:1810.04805},
  year    = {2018}
}

@article{conneau2019unsupervised,
  title={{Unsupervised cross-lingual representation learning at scale}},
  author={Conneau, Alexis and Khandelwal, Kartikay and Goyal, Naman and Chaudhary, Vishrav and Wenzek, Guillaume and Guzm{\'a}n, Francisco and Grave, Edouard and Ott, Myle and Zettlemoyer, Luke and Stoyanov, Veselin},
  journal={arXiv preprint arXiv:1911.02116},
  year={2019}
}

@article{pires2019multilingual,
  title={{How multilingual is multilingual BERT?}},
  author={Pires, Telmo and Schlinger, Eva and Garrette, Dan},
  journal={arXiv preprint arXiv:1906.01502},
  year={2019}
}

@article{qi2020stanza,
  title   = {{Stanza: A python natural language processing toolkit for many human languages}},
  author  = {Qi, Peng and Zhang, Yuhao and Zhang, Yuhui and Bolton, Jason and Manning, Christopher D},
  journal = {arXiv preprint arXiv:2003.07082},
  year    = {2020}
}

@article{nemeskey2020embert,
  title  = {{Egy emBERT pr{\'o}b{\'a}l{\'o} feladat}},
  author = {Nemeskey, D{\'a}vid M{\'a}rk},
  year   = {2020}
}

@inproceedings{udpipe,
  title     = {{UDP}ipe 2.0 Prototype at {C}o{NLL} 2018 {UD} Shared Task},
  author    = {Straka, Milan},
  booktitle = {Proceedings of the {C}o{NLL} 2018 Shared Task: Multilingual Parsing from Raw Text to Universal Dependencies},
  month     = oct,
  year      = {2018},
  address   = {Brussels, Belgium},
  publisher = {Association for Computational Linguistics},
  url       = {https://www.aclweb.org/anthology/K18-2020},
  doi       = {10.18653/v1/K18-2020},
  pages     = {197--207}
}

@inproceedings{emtsv1,
  author    = {Simon, Eszter and Indig, Bal{\'a}zs and Kalivoda, {\'A}gnes and Mittelholcz Iv{\'a}n, Sass  B{\'a}lint and Vad{\'a}sz, No{\'e}mi},
  title     = {{Újabb fejlemények az \texttt{e-magyar} háza táján}},
  booktitle = {XVI. Magyar Sz{\'a}m{\'\i}t{\'o}g{\'e}pes Nyelv{\'e}szeti Konferencia},
  editor    = {Berend, G{\'a}bor and Gosztolya, G{\'a}bor and Vincze, Veronika},
  address   = {Szeged},
  publisher = {Szegedi Tudományegyetem Informatikai Tanszékcsoport},
  pages     = {29-42},
  year      = {2020}
}

@inproceedings{emtsv2,
  title     = {{One format to rule them all {--} The \texttt{emtsv} pipeline for {H}ungarian}},
  author    = {Indig, Bal{\'a}zs and Sass, B{\'a}lint and Simon, Eszter and Mittelholcz, Iv{\'a}n and
               Vad{\'a}sz, No{\'e}mi  and Makrai, M{\'a}rton},
  booktitle = {Proceedings of the 13th Linguistic Annotation Workshop},
  month     = {aug},
  year      = {2019},
  address   = {Florence, Italy},
  url       = {https://www.aclweb.org/anthology/W19-4018},
  doi       = {10.18653/v1/W19-4018},
  publisher = {Association for Computational Linguistics},
  pages     = {155--165},
  abstract  = {We present a more efficient version of the e-magyar NLP pipeline for Hungarian called emtsv.
               It integrates Hungarian NLP tools in a framework whose individual modules can be developed or replaced
               independently and allows new ones to be added. The design also allows convenient investigation and manual
               correction of the data flow from one module to another. The improvements we publish include effective
               communication between the modules and support of the use of individual modules both in the chain and standing
               alone. Our goals are accomplished using extended tsv (tab separated values) files, a simple, uniform, generic and
               self-documenting input/output format. Our vision is maintaining the system for a long time and making it easier
               for external developers to fit their own modules into the system, thus sharing existing competencies in the field
               of processing Hungarian, a mid-resourced language. The source code is available under LGPL 3.0 license
               at https://github.com/dlt-rilmta/emtsv .}
}

@inproceedings{emtsv3,
  author    = {Indig, Balázs and Sass, Bálint and Simon, Eszter and Mittelholcz, Iván and Kundráth, Péter and
               Vadász, Noémi},
  title     = {{\texttt{emtsv} –- Egy formátum mind felett}},
  booktitle = {XV. Magyar Számítógépes Nyelvészeti Konferencia (MSZNY 2019)},
  editor    = {Gábor Berend and Gábor Gosztolya and Veronika Vincze},
  address   = {Szeged},
  publisher = {Szegedi Tudományegyetem Informatikai Tanszékcsoport},
  pages     = {235-247},
  year      = {2019}
}

@article{emtsv4,
  title={{E-magyar--A Digital Language Processing System}},
  author={V{\'a}radi, Tam{\'a}s and Simon, Eszter and Sass, B{\'a}lint and Mittelholcz, Iv{\'a}n and Nov{\'a}k, Attila and Indig, Bal{\'a}zs},
  year={2018},
  publisher={European Language Resources Association (ELRA)}
}

@article{emtsv5,
  title={{Az e-magyar digit{\'a}lis nyelvfeldolgoz{\'o} rendszer}},
  author={V{\'a}radi, Tam{\'a}s and Simon, Eszter and Sass, B{\'a}lint and Ger{\H{o}}cs, M{\'a}ty{\'a}s and Mittelholtz, Iv{\'a}n and Nov{\'a}k, Attila and Indig, Bal{\'a}zs and Pr{\'o}sz{\'e}ky, G{\'a}bor and Vincze, Veronika},
  year={2017},
  publisher={Szegedi Tudom{\'a}nyegyetem Informatikai Tansz{\'e}kcsoport}
}


%%%%%%%%%%%%%%%%%%%%%%%% spacy, components %%%%%%%%%%%%%%%%%%%%%%%%

@online{spacy,
  author  = {Honnibal, Matthew},
  title   = {{Introducing spaCy}},
  url     = {https://explosion.ai/blog/introducing-spacy},
  month   = {Feb},
  year    = {2015},
  urldate = {2021-11-17}
}

@article{biaffine,
  title   = {Deep biaffine attention for neural dependency parsing},
  author  = {Dozat, Timothy and Manning, Christopher D},
  journal = {arXiv preprint arXiv:1611.01734},
  year    = {2016}
}

@article{beam,
  title={{Speech understanding systems: Report of a steering committee}},
  author={Medress, Mark F. and Cooper, Franklin S and Forgie, Jim W. and Green, CC and Klatt, Dennis H. and O'Malley, Michael H. and Neuburg, Edward P and Newell, Allen and Reddy, DR and Ritea, B and others},
  journal={Artificial Intelligence},
  volume={9},
  number={3},
  pages={307--316},
  year={1977},
  publisher={Elsevier}
}

@PhDThesis{Nemeskey:2020,                                                 
  author = {Nemeskey, Dávid Márk},
  title  = {{Natural Language Processing Methods for Language Modeling}},
  year   = {2020},
  school = {E\"otv\"os Lor\'and University}
}

